<record><leader>00000cas a2200000 a 4500</leader><controlfield tag="001">12156229</controlfield><controlfield tag="008">850614d18651874tnuwr ne      0    0eng d</controlfield><datafield ind1=" " ind2=" " tag="010"><subfield code="a">sn 85033672 </subfield></datafield><datafield ind1=" " ind2=" " tag="040"><subfield code="a">NPU</subfield><subfield code="b">eng</subfield><subfield code="c">NPU</subfield><subfield code="d">NPX</subfield><subfield code="d">PPM</subfield><subfield code="d">KNP</subfield><subfield code="d">NVF</subfield><subfield code="d">TGN</subfield><subfield code="d">OCL</subfield><subfield code="d">DLC</subfield><subfield code="d">OCLCQ</subfield><subfield code="d">OCLCF</subfield></datafield><datafield ind1=" " ind2=" " tag="042"><subfield code="a">msc</subfield></datafield><datafield ind1=" " ind2=" " tag="043"><subfield code="a">n-us-tn</subfield></datafield><datafield ind1="0" ind2="0" tag="050"><subfield code="a">Newspaper</subfield></datafield><datafield ind1="0" ind2=" " tag="130"><subfield code="a">Monitor (Murfreesboro, Tenn. : 1865)</subfield></datafield><datafield ind1="1" ind2="4" tag="245"><subfield code="a">The monitor.</subfield></datafield><datafield ind1="1" ind2="3" tag="246"><subfield code="a">Murfreesboro monitor</subfield></datafield><datafield ind1=" " ind2=" " tag="260"><subfield code="a">Murfreesboro, Tenn. :</subfield><subfield code="b">R.D. Reed &amp; Co.</subfield></datafield><datafield ind1=" " ind2=" " tag="300"><subfield code="a">v. ;</subfield><subfield code="c">66 cm.</subfield></datafield><datafield ind1=" " ind2=" " tag="310"><subfield code="a">Weekly</subfield></datafield><datafield ind1="1" ind2=" " tag="362"><subfield code="a">Began with July 1, 1865 issue; ceased in 1874.</subfield></datafield><datafield ind1=" " ind2=" " tag="500"><subfield code="a">Published as: Murfreesboro monitor, &lt;Aug. 13, 1874&gt;.</subfield></datafield><datafield ind1=" " ind2=" " tag="500"><subfield code="a">Publishers: R.D. Reed &amp; Co., &lt;1865&gt;; H.C. MacLaughlin, &lt;1867-1869&gt;; Buck &amp; Alexander, &lt;1873-1874&gt;</subfield></datafield><datafield ind1=" " ind2=" " tag="500"><subfield code="a">Editors: R.S. Currin, &lt;1865&gt;; H.C. McLaughlin, &lt;1867-1869&gt; N.B. Buck &amp; B.F. Alexander, &lt;1873-1874&gt;</subfield></datafield><datafield ind1=" " ind2=" " tag="588"><subfield code="a">Description based on: Vol. 1, no. 11 (Sept. 9, 1865).</subfield></datafield><datafield ind1=" " ind2="0" tag="651"><subfield code="a">Murfreesboro (Tenn.)</subfield><subfield code="v">Newspapers.</subfield></datafield><datafield ind1=" " ind2="0" tag="651"><subfield code="a">Rutherford County (Tenn.)</subfield><subfield code="v">Newspapers.</subfield></datafield><datafield ind1=" " ind2="7" tag="655"><subfield code="a">Newspapers.</subfield><subfield code="2">fast</subfield><subfield code="0">(OCoLC)fst01423814</subfield></datafield><datafield ind1=" " ind2="7" tag="651"><subfield code="a">Tennessee</subfield><subfield code="z">Murfreesboro.</subfield><subfield code="2">fast</subfield><subfield code="0">(OCoLC)fst01202976</subfield></datafield><datafield ind1=" " ind2="7" tag="651"><subfield code="a">Tennessee</subfield><subfield code="z">Rutherford County.</subfield><subfield code="2">fast</subfield><subfield code="0">(OCoLC)fst01208169</subfield></datafield><datafield ind1=" " ind2=" " tag="752"><subfield code="a">United States</subfield><subfield code="b">Tennessee</subfield><subfield code="c">Rutherford</subfield><subfield code="d">Murfreesboro.</subfield></datafield><datafield ind1="0" ind2="0" tag="785"><subfield code="t">Murfreesboro monitor</subfield><subfield code="w">(DLC)sn 89058199</subfield><subfield code="w">(OCoLC)19213829</subfield></datafield></record>